% SCRIBER
@article{zhang2019scriber,
  title={SCRIBER: accurate and partner type-specific prediction of protein-binding residues from proteins sequences},
  author={Zhang, Jian and Kurgan, Lukasz},
  journal={Bioinformatics},
  volume={35},
  number={14},
  pages={i343--i353},
  year={2019},
  publisher={Oxford University Press}
}

% DLPred
@article{zhang2019sequence,
  title={Sequence-based prediction of protein-protein interaction sites by simplified long short-term memory network},
  author={Zhang, Buzhong and Li, Jinyan and Quan, Lijun and Chen, Yu and L{\"u}, Qiang},
  journal={Neurocomputing},
  volume={357},
  pages={86--100},
  year={2019},
  publisher={Elsevier}
}

% SPIDER
@article{porollo2007prediction,
  title={Prediction-based fingerprints of protein--protein interactions},
  author={Porollo, Aleksey and Meller, Jaros{\l}aw},
  journal={Proteins: Structure, Function, and Bioinformatics},
  volume={66},
  number={3},
  pages={630--645},
  year={2007},
  publisher={Wiley Online Library}
}


% SPRINT-interface
@article{taherzadeh2016sequence,
  title={Sequence-based prediction of protein--peptide binding sites using support vector machine},
  author={Taherzadeh, Ghazaleh and Yang, Yuedong and Zhang, Tuo and Liew, Alan Wee-Chung and Zhou, Yaoqi},
  journal={Journal of computational chemistry},
  volume={37},
  number={13},
  pages={1223--1229},
  year={2016},
  publisher={Wiley Online Library}
}

% ds_186, PSIVER
@article{murakami2010applying,
  title={Applying the Na{\"\i}ve Bayes classifier with kernel density estimation to the prediction of protein--protein interaction sites},
  author={Murakami, Yoichi and Mizuguchi, Kenji},
  journal={Bioinformatics},
  volume={26},
  number={15},
  pages={1841--1848},
  year={2010},
  publisher={Oxford University Press}
}

% springs, ds_186
@techreport{singh2014springs,
  title={SPRINGS: prediction of protein-protein interaction sites using artificial neural networks},
  author={Singh, Gurdeep and Dhole, Kaustubh and Pai, Priyadarshini P and Mondal, Sukanta},
  year={2014},
  institution={PeerJ PrePrints}
}

% LORIS and ds164
@article{dhole2014sequence,
  title={Sequence-based prediction of protein--protein interaction sites with L1-logreg classifier},
  author={Dhole, Kaustubh and Singh, Gurdeep and Pai, Priyadarshini P and Mondal, Sukanta},
  journal={Journal of theoretical biology},
  volume={348},
  pages={47--54},
  year={2014},
  publisher={Elsevier}
}

% CRF-PPI
@article{wei2015cascade,
  title={A cascade random forests algorithm for predicting protein-protein interaction sites},
  author={Wei, Zhi-Sen and Yang, Jing-Yu and Shen, Hong-Bin and Yu, Dong-Jun},
  journal={IEEE transactions on nanobioscience},
  volume={14},
  number={7},
  pages={746--760},
  year={2015},
  publisher={IEEE}
}

% SSWRF
@article{wei2016protein,
  title={Protein--protein interaction sites prediction by ensembling SVM and sample-weighted random forests},
  author={Wei, Zhi-Sen and Han, Ke and Yang, Jing-Yu and Shen, Hong-Bin and Yu, Dong-Jun},
  journal={Neurocomputing},
  volume={193},
  pages={201--212},
  year={2016},
  publisher={Elsevier}
}